<?xml version="1.0" encoding="UTF-8"?><record xmlns="http://www.loc.gov/MARC21/slim" xmlns:cinclude="http://apache.org/cocoon/include/1.0" xmlns:zs="http://www.loc.gov/zing/srw/">
  <leader>00588cz  a2200157n  4500</leader>
  <controlfield tag="001">no 95049725 </controlfield>
  <controlfield tag="003">DLC</controlfield>
  <controlfield tag="005">19960502065504.9</controlfield>
  <controlfield tag="008">951018n| acannaab|          |a aaa     c</controlfield>
  <datafield tag="010" ind1=" " ind2=" ">
    <subfield code="a">no 95049725 </subfield>
  </datafield>
  <datafield tag="035" ind1=" " ind2=" ">
    <subfield code="a">(OCoLC)oca03940670 </subfield>
  </datafield>
  <datafield tag="040" ind1=" " ind2=" ">
    <subfield code="a">InU</subfield>
    <subfield code="c">InU</subfield>
    <subfield code="d">ICRL</subfield>
  </datafield>
  <datafield tag="100" ind1="1" ind2="0">
    <subfield code="a">Krichagin, V. I.</subfield>
    <subfield code="q">(Vladimir Ivanovich)</subfield>
  </datafield>
  <datafield tag="400" ind1="1" ind2="0">
    <subfield code="a">Krichagin, Vladimir Ivanovich</subfield>
  </datafield>
  <datafield tag="670" ind1=" " ind2=" ">
    <subfield code="a">Razvitie sistem strakhovanii︠a︡, 1992:</subfield>
    <subfield code="b">t.p. (V.I. Krichagin) colophon (Vladimir Ivanovich Krichagin)</subfield>
  </datafield>
  <datafield tag="670" ind1=" " ind2=" ">
    <subfield code="a">Zdorovʹe i prodolzhitelʹnostʹ zhizni, 1993:</subfield>
    <subfield code="b">t.p. (kandidat medit︠s︡inskikh nauk V.I. Krichagin)</subfield>
  </datafield>
</record>